@book{bringhurst:elementi,
author = {Bringhurst, Robert},
title = {Gli Elementi dello Stile Tipografico},
publisher = {Sylvestre Bonnard},
year = {2001},
location = {Milano}
}
@article{mori:tesi,
author = {Mori, Lapo Filippo},
title = {Scrivere la tesi di laurea con \LaTeXe},
journaltitle = {\Ars},
number = {3},
year = {2007}
}
